@BOOK{McManus,
  AUTHOR = "James McManus",
  TITLE  = "Cowboys Full",
  PUBLISHER = "Souvenir Press",
  YEAR = 2010
}

@BOOK{AllanMackay,
  AUTHOR = "Elkan Allen,Hannah Mackay",
  TITLE = "The Poker Encyclopedia",
  PUBLISHER = "Portico",
  YEAR = 2007
}